@phdthesis{FCAAnwendung,
author = {Wiebke Petersen},
urldate = {2016-07-14},
school = {Heinrich-Heine-Universität Düsseldorf},
title = {Zur Minimalität von Pāṇinis Śivasūtras : eine Untersuchung mit Methoden der formalen Begriffsanalyse},
url = {http://d-nb.info/1007126175},
year = {2008}
}

@techreport{Masterprojekt,
author = {René Muhl},
title = {Eine Haskell Web-Applikation zur Analyse und Visualisierung formaler Konzepte},
institution = {HTWK Leipzig},
month = {7},
year = {2015}
}

@ONLINE{ApplLatticeT,
author = {Bernhard Ganter and Rudolf Wille},
urldate = {2016-07-14},
title = {Applied Lattice Theory: Formal Concept Analysis},
url = {https://tu-dresden.de/Members/bernhard.ganter/fca/concept.pdf},
}

@phdthesis{tuprints1903,
author = {Markus Alexander Helmerich},
urldate = {2016-08-04},
school = {TU Darmstadt},
title = {Liniendiagramme in der Wissenskommunikation - Eine mathematisch-didaktische Untersuchung},
url = {http://tuprints.ulb.tu-darmstadt.de/1903/3/helmerich-diss.pdf},
year = {2009}
}

@inproceedings{TC15Report,
author    = {J{\"{u}}rgen Giesl and
             Fr{\'{e}}d{\'{e}}ric Mesnard and
             Albert Rubio and
             Ren{\'{e}} Thiemann and
             Johannes Waldmann},
title     = {Termination Competition (termCOMP 2015)},
booktitle = {Automated Deduction - {CADE-25} - 25th International Conference on
             Automated Deduction, Berlin, Germany, August 1-7, 2015, Proceedings},
pages     = {105--108},
year      = {2015},
url       = {http://dx.doi.org/10.1007/978-3-319-21401-6_6},
doi       = {10.1007/978-3-319-21401-6_6},
timestamp = {Fri, 31 Jul 2015 13:18:27 +0200},
biburl    = {http://dblp.uni-trier.de/rec/bib/conf/cade/GieslMRTW15},
bibsource = {dblp computer science bibliography, http://dblp.org}
}

@book{GanterWille96,
author    = {Bernhard Ganter and
             Rudolf Wille},
title     = {Formale Begriffsanalyse - mathematische Grundlagen},
publisher = {Springer},
year      = {1996},
isbn      = {978-3-540-60868-4},
timestamp = {Tue, 26 Apr 2011 17:21:43 +0200},
biburl    = {http://dblp.uni-trier.de/rec/bib/books/daglib/0082652},
bibsource = {dblp computer science bibliography, http://dblp.org}
}

@book{Ganter13,
author = {Bernhard Ganter},
ISBN = {978-3-642-37499-9},
publisher = {Springer-Verlag},
title = {Diskrete Mathematik:Geordnete Mengen},
year = {2013},
}

@book{DMathGrundlagen,
  Author = {Sebastian Iwanowski and Rainer Lang},
  Title = {Diskrete Mathematik mit Grundlagen: Lehrbuch für Studierende von MINT-Fächern (German Edition)},
  Publisher = {Springer Vieweg},
  Year = {2014},
  ISBN = {978-3-658-07130-1},
}

@book{Math4Inf,
  Author = {Dirk Hachenberger},
  Title = {Mathematik für Informatiker},
  Publisher = {Pearson Studium},
  Year = {2008},
  ISBN = {3827373204},
}

@ONLINE{Schwarz11,
author = {Sibylle Schwarz},
urldate = {2016-08-04},
school = {FH Zwickau},
title = {Wissensmanagement WS11/12 - Formale Begriffsanalyse (FCA)},
url = {http://whz-cms-10.zw.fh-zwickau.de/sibsc/lehre/ws11/wms/wms11_fca.pdf},
year = {2011},
}

@ONLINE{Petersen10,
author = {Wiebke Petersen},
urldate = {2016-08-04},
school = {Heinrich-Heine-University Düsseldorf},
title = {Formale Begriffsanalyse SoSe 2010},
url = {http://user.phil-fak.uni-duesseldorf.de/~petersen/slides/begriffe1.pdf},
year = {2010},
}

@ONLINE{SE,
author = {Aaron Stump and Geoff Sutcliffe and Cesare Tinelli},
urldate = {2016-08-04},
title = {StarExec},
url = {https://www.starexec.org/starexec/public/about.jsp},
year = {2015},
}

@ONLINE{CompProcedure,
author = {Johannes Waldmann},
urldate = {2016-08-04},
title = {Competition Procedure},
url = {http://termination-portal.org/mediawiki/index.php?title=Termination_Competition_2015&oldid=1636#Competition_Procedure},
year = {2015},
}

@ONLINE{Haskell2010,
author = {Simon Marlow},
urldate = {2016-08-04},
title = {Haskell 2010 Language Report},
url = {https://www.haskell.org/definition/haskell2010.pdf},
year = {2010},
}

@ONLINE{RustRef,
author = {Steve Klabnik and others},
urldate = {2016-08-04},
title = {The Rust Reference: 13 Appendix: Influences},
url = {https://doc.rust-lang.org/reference.html#appendix-influences},
year = {2016},
}

@inproceedings{HaskellHistory,
  author    = {Paul Hudak and
               John Hughes and
               Simon L. Peyton Jones and
               Philip Wadler},
  title     = {A history of Haskell: being lazy with class},
  booktitle = {Proceedings of the Third {ACM} {SIGPLAN} History of Programming Languages
               Conference (HOPL-III), San Diego, California, USA, 9-10 June 2007},
  pages     = {1--55},
  year      = {2007},
  url       = {http://doi.acm.org/10.1145/1238844.1238856},
  doi       = {10.1145/1238844.1238856},
  timestamp = {Tue, 22 May 2012 15:24:55 +0200},
  biburl    = {http://dblp.uni-trier.de/rec/bib/conf/hopl/HudakHJW07},
  bibsource = {dblp computer science bibliography, http://dblp.org}
}

@Book{Berghammer08,
author = {Rudolf Berghammer},
ISBN = {9783834895325},
publisher = {Springer-Verlag},
title = {Ordnungen, Verbände und Relationen mit Anwendungen},
pages = {20},
year = {2008},
}

@inproceedings{TC,
author    = {Claude March{\'{e}} and
             Hans Zantema},
title     = {The Termination Competition},
booktitle = {Term Rewriting and Applications, 18th International Conference, {RTA}
             2007, Paris, France, June 26-28, 2007, Proceedings},
pages     = {303--313},
year      = {2007},
url       = {http://dx.doi.org/10.1007/978-3-540-73449-9_23},
doi       = {10.1007/978-3-540-73449-9_23},
timestamp = {Mon, 03 Sep 2007 14:11:24 +0200},
biburl    = {http://dblp.uni-trier.de/rec/bib/conf/rta/MarcheZ07},
bibsource = {dblp computer science bibliography, http://dblp.org},
}

@ONLINE{TermCompSelectAlg,
author = {Albert Rubio},
urldate = {2016-08-04},
title = {Termination Competition Problem Selection Algorithm},
url = {http://termination-portal.org/mediawiki/index.php?title=Termination_Competition_Problem_Selection_Algorithm&oldid=1407},
year = {2014},
}

@ONLINE{TCP15,
author = {Johannes Waldmann},
urldate = {2016-08-04},
title = {Annual International Termination Competition},
url = {http://termination-portal.org/mediawiki/index.php?title=Termination_Competition&oldid=1620#Annual_International_Termination_Competition},
year = {2015},
}

@book{yesod,
  author    = {Michael Snoyman},
  title     = {Developing Web Apps with Haskell and Yesod - Safety-Driven Web Development,
               Second Edition},
  publisher = {O'Reilly},
  year      = {2015},
  url       = {http://www.oreilly.de/catalog/9781491915592/index.html},
  isbn      = {978-1-491-91559-2},
  timestamp = {Thu, 11 Jun 2015 16:44:24 +0200},
  biburl    = {http://dblp.uni-trier.de/rec/bib/books/daglib/0035697},
  bibsource = {dblp computer science bibliography, http://dblp.org}
}

@article{lyah,
  author    = {Greg Michaelson},
  title     = {\emph{Learn You a Haskell for Great Good! {A} Beginner's Guide}, by
               Miran Lipovaca, No Starch Press, April 2011, {ISBN-10:} 1593272839;
               {ISBN-13:} 978-1593272838, 376 pp},
  journal   = {J. Funct. Program.},
  volume    = {23},
  number    = {3},
  pages     = {351--352},
  year      = {2013},
  url       = {http://dx.doi.org/10.1017/S095679681300004X},
  doi       = {10.1017/S095679681300004X},
  timestamp = {Tue, 05 Nov 2013 14:59:48 +0100},
  biburl    = {http://dblp.uni-trier.de/rec/bib/journals/jfp/Michaelson13},
  bibsource = {dblp computer science bibliography, http://dblp.org}
}

@book{rwhs,
  author    = {Bryan O'Sullivan and
               John Goerzen and
               Don Stewart},
  title     = {Real world Haskell - code you can believe in},
  publisher = {O'Reilly},
  year      = {2008},
  url       = {http://book.realworldhaskell.org/},
  isbn      = {978-0-596-51498-3},
  timestamp = {Fri, 13 Jan 2012 14:26:09 +0100},
  biburl    = {http://dblp.uni-trier.de/rec/bib/books/daglib/0021990},
  bibsource = {dblp computer science bibliography, http://dblp.org}
}
